@misc{lucidchart,
  author       = {Lucidchart},
  title        = {Lucidchart},
  howpublished = {\url{https://www.lucidchart.com/}}
}

@misc{git,
  author       = {Git},
  title        = {Git},
  howpublished = {\url{https://git-scm.com/}}
}

@misc{github,
  author       = {GitHub},
  title        = {GitHub},
  howpublished = {\url{https://github.com/}}
}

@misc{trello,
  author       = {Trello},
  title        = {Trello},
  howpublished = {\url{https://trello.com/}}
}

@misc{atlassian,
  author       = {Atlassian},
  title        = {Atlassian},
  howpublished = {\url{https://www.atlassian.com/}}
}

@misc{coste-hora,
  author       = {Coste de ingeniero informático},
  title        = {Coste de ingeniero informático},
  howpublished = {\url{https://es.talent.com/salary?job=ingeniero+inform%C3%A1tico}}
}

@misc{portatil,
  author       = {PC Componentes},
  title        = {MSI GE73VR 7RF-258XES Raider Intel Core i7-7700HQ/16GB/1TB+512SSD/GTX1070/17.3"},
  howpublished = {\url{https://www.pccomponentes.com/msi-ge73vr-7rf-258xes-raider-intel-core-i7-7700hq-16gb-1tb-512ssd-gtx1070-173}}
}

@misc{vscode,
  author       = {Visual Studio Code},
  title        = {Visual Studio Code},
  howpublished = {\url{https://code.visualstudio.com/}}
}

@misc{mit-license,
  author       = {Massachusetts Institute of Technology},
  title        = {MIT License},
  howpublished = {\url{https://opensource.org/licenses/MIT}},
  shorthand    = {MIT}
}

@misc{gplv2,
  author       = {Free Software Foundation},
  title        = {{GNU} {G}eneral {P}ublic {L}icense},
  version      = {2},
  howpublished = {\url{http://www.gnu.org/licenses/gpl.html}},
  shorthand    = {GPL}
}

@misc{nodejs,
  author       = {Node.js Foundation},
  title        = {Node.js},
  howpublished = {\url{https://nodejs.org/es/}}
}

@misc{react,
  author       = {React},
  title        = {React},
  howpublished = {\url{https://reactjs.org/}}
}

@misc{diagramsnet,
  author       = {JGraph Ltd.},
  title        = {diagrams.net},
  howpublished = {\url{https://www.diagrams.net/}}
}

@misc{metodologias,
  author       = {Ok Hosting},
  title        = {Metodologías del desarrollo de software},
  howpublished = {\url{https://okhosting.com/blog/metodologias-del-desarrollo-de-software/}}
}

@misc{tradicionalesVSagiles,
  author       = {Gitnux},
  title        = {Metodologías de desarrollo de software: características, tipos, ventajas y desventajas},
  howpublished = {\url{https://blog.gitnux.com/es/metodologias-de-desarrollo-de-software/}}
}

@misc{mvc,
  author       = {Rafael D.Hernandez},
  title        = {El patrón modelo-vista-controlador: Arquitectura y frameworks explicados},
  howpublished = {\url{https://www.freecodecamp.org/espanol/news/el-modelo-de-arquitectura-view-controller-pattern/}}
}

@misc{relational-vs-non-relational,
  author       = {Ainhoa Lafuente},
  title        = {Bases de datos relacionales vs. no relacionales: ¿qué es mejor?},
  howpublished = {\url{https://aukera.es/blog/bases-de-datos-relacionales-vs-no-relacionales/}}
}

@misc{mysql,
  author       = {Oracle},
  title        = {MySQL},
  howpublished = {\url{https://www.mysql.com/}}
}

@misc{django,
  author       = {Django Software Foundation},
  title        = {Django},
  howpublished = {\url{https://www.djangoproject.com/}}
}

@misc{ruby-on-rails,
  author       = {Ruby on Rails},
  title        = {Ruby on Rails},
  howpublished = {\url{https://rubyonrails.org/}}
}

@misc{express,
  author       = {Express},
  title        = {Express},
  howpublished = {\url{https://expressjs.com/}}
}

@misc{angular,
  author       = {Angular},
  title        = {Angular},
  howpublished = {\url{https://angular.io/}}
}

@misc{angular-vs-react,
  author       = {Luis Delgado},
  title        = {Angular vs React: Cuál Elegir Para tu Aplicación},
  howpublished = {\url{https://www.freecodecamp.org/espanol/news/angular-vs-react-cual-elegir-para-su-aplicacion/}}
}

@misc{vuejs,
  author       = {Vue.js},
  title        = {Vue.js},
  howpublished = {\url{https://vuejs.org/}}
}

@misc{vuejs-vs-react,
  author       = {Shanika Wickramasinghe},
  title        = {Vue vs React: Which One Should You Use?},
  howpublished = {\url{https://kinsta.com/blog/vue-vs-react/}}
}